@article{You2009Dinkelbach,
  author    = {Fengqi You and Pedro M. Castro and Ignacio E. Grossmann},
  title     = {Dinkelbachâ€™s Algorithm as an Efficient Method for Solving a Class of MINLP Models for Large-Scale Cyclic Scheduling Problems},
  journal   = {Computers \& Chemical Engineering},
  year      = {2009},
  volume = {33},
  number = {11},
  pages = {1879-1889},
}
